@article{00:00,
	Author = {},
	Journal = {},
	Month = {},
	Number = {},
	Numpages = {},
	Pages = {},
	Title = {},
	Volume = {},
	Url = {},
	Year = {}
}

@book{Abramowitz:1965,
    Author = {Milton Abramowitz and Irene A. Stegun},
    Publisher = {Dover, New York},
    Month = {},
    Number = {},
    Numpages = {},
    Pages = {},
    Title = {Handbook of Mathematical Functions},
    Volume = {},
    Url = {},
    Year = {1965}
}

@article{Alon:2006,
	Author = {Uri Alon},
	Journal = {CRC Press},
	Month = {},
	Number = {},
	Numpages = {},
	Pages = {},
	Title = {An introduction to systems biology: design principles of biological circuits},
	Volume = {},
	Url = {},
	Year = {2006}
}

@article{Alter:2004,
	Author = {Orly Alter and Gene H. Golub},
	Journal = {Proceedings of the National Academy of Sciences USA},
	Month = {November},
	Number = {47},
	Numpages = {},
	Pages = {16577-16582},
	Title = {Integrative analysis of genome-scale data by using 
		pseudoinverse projection predicts novel correlation between 
		DNA replication and RNA transcription},
	Volume = {101},
	Url = {},
	Year = {2004}
}


@article{Alvarez:2011,
    Author = {Mauricio A. Alvarez and Neil D. Lawrence},
    Journal = {Journal of Machine Learning Research},
    Month = {June},
    Number = {12},
    Numpages = {},
    Pages = {1459-1500},
    Title = {Computationally Efficient Convolved Multiple Output Gaussian Processes},
    Volume = {},
    Url = {},
    Year = {2011}
}


@article{Alvarez:2012,
    Author = {Mauricio A. Alvarez and Lorenzo Rosasco and Neil D. Lawrence},
    Journal = {Foundations and Trends in Machine Learning},
    Month = {June},
    Number = {3},
    Numpages = {195‚Äê266},
    Pages = {},
    Title = {Kernels for Vector-Valued Functions: A Review},
    Volume = {4},
    Url = {},
    Year = {2012}
}

@article{Barenco:2006,
    Author = {Martino Barenco and Daniela Tomescu and Daniel Brewer and Robin Callard and Jaroslav Stark and Michael Hubankcorresponding},
    Journal = {Genome Biology},
    Month = {March},
    Number = {3},
    Numpages = {},
    Pages = {R25},
    Title = {Ranked prediction of p53 targets using hidden variable dynamic modeling},
    Volume = {7},
    Url = {},
    Year = {2006}
}

@article{Beghi:2011,
    Author = {Ettore Beghi and Adriano Chio and Philippe Couratier and Jesus Esteban and Orla Hardiman and Giancarlo Logroscino and Andrea Millul and Douglas Mitchell and Pierre-Marie Preux and Elisabetta Pupillo and Zorica Stevic and Robert Swingler and Bryan J Traynor and Leonard H Van den Berg and Jan H Veldink and Stefano Zoccolella},
    Journal = {Amyotrophic Lateral Sclerosis},
    Month = {January},
    Number = {1},
    Numpages = {},
    Pages = {1-10},
    Title = {The epidemiology and treatment of ALS: focus on the heterogeneity of the disease and critical appraisal of therapeutic trials},
    Volume = {12},
    Url = {},
    Year = {2011}
}

@book{Bishop:1995,
    Author = {Christopher M. Bishop},
    publisher = {Oxford University Press},
    Month = {},
    Number = {},
    Numpages = {},
    Pages = {},
    Title = {Neural Networks for Pattern Recognition},
    Volume = {},
    Url = {},
    Year = {1995}
}

@INPROCEEDINGS{Bishop:1999,
    author = {Christopher M. Bishop},
    title = {Latent variable models},
    booktitle = {Learning in Graphical Models},
    year = {1999},
    pages = {371--403},
    publisher = {MIT Press}
}

@book{Bishop:2006,
    Author = {Christopher M. Bishop},
    publisher = {Springer-Verlag New York},
    Month = {},
    Number = {},
    Numpages = {},
    Pages = {},
    Title = {Pattern Recognition and Machine Learning},
    Volume = {},
    Url = {},
    Year = {2006}
}

@inproceedings{Bonilla:2007,
    author = {Edwin V. Bonilla and Felix V. Agakov and Christopher K. I. Williams},
    title = {Kernel Multi-task Learning using Task-specific Features},
    Journal = {In Proceedings of the 11th International Conference on Artificial Intelligence and Statistics},
    year = {2007}
}

@article{Boulesteix:2005,
	Author = {Anne-Laure Boulesteix and Korbinian Strimmer},
	Journal = {Theoretical Biology and Medical Modelling},
	Month = {June},
	Number = {23},
	Numpages = {},
	Pages = {},
	Title = {Predicting transcription factor activities from combined analysis of
		  microarray and ChIP data: a partial least squares approach},
	Volume = {2},
	Url = {},
	Year = {2005}
}

@article{Brivanlou:2002,
	Author = {Ali H Brivanlou and James E Darnell},
	Journal = {Science},
	Month = {},
	Number = {5556},
	Numpages = {},
	Pages = {819-818},
	Title = {Transcription Signal transduction and the control of gene expression},
	Volume = {295},
	Url = {},
	Year = {2002}
}

@article{Brenner:1974,
	Author = {Sydney Brenner},
	Journal = {Genetics},
	Month = {},
	Number = {},
	Numpages = {71-94},
	Pages = {71--94},
	Title = {The genetics of Caenorhabditis elegans},
	Volume = {77},
	Url = {},
	Year = {1974}
}

@article{Brockington:2013,
	Author = {Alice Brockington and Ke Ning and Paul R. Heath and Elizabeth Wood and 
	Janine Kirby and Nicol{\o} Fusi and Neil Lawrence and Stephen B. Wharton and 
	Paul G. Ince and Pamela J. Shaw},
	Journal = {Acta Neuropathol},
	Month = {January},
	Number = {1},
	Numpages = {},
	Pages = {95-109},
	Title = {Unravelling the enigma of selective vulnerability in neurodegeneration: motor neurons resistant to degeneration in ALS show distinct gene expression characteristics and decreased susceptibility to excitotoxicity},
	Volume = {125},
	Url = {},
	Year = {2013}}
	%doi ={10.1007/s00401-012-1058-5}}

@article{Byerly:1976,
	author = {L Byerly and RC Cassada and RL Russell},
	title = {The life cycle of the nematode Caenorhabditis elegans. I. Wild-type growth and reproduction},
	journal = {Dev Biol},
	year = {1976},
	volume = {51},
	number = {1},
	pages = {23-33},
}

@article{Camu:1999,
	author = {William Camu and J Khoris and B Moulard and F Salachas  and V Briolotti and GA Rouleau and V Meininger},
	title = {Genetics of familial ALS and consequences for diagnosis. French ALS Research Group.},
	journal = {J Neurol Sci},
	month = {January},
	year = {1999},
	volume = {165},
	number = {},
	pages = {s21-s26},
}

@book{Castaneda:2012,
	Author = {Liliana Blanco Castaneda and Viswanathan Arunachalam and Selvamuthu Dharmaraja},
	title = {Introduction to Probability and Stochastic Processes with Applications},
	url = {},
	publisher = {Wiley},
	pages = {},
	volume = {},
	number ={},
	Year = {2012},
}

@article{Chen:2014,
	title = {Wind power forecasts using Gaussian processes and numerical weather prediction},
	keywords = {censored data, Gaussian process, numerical weather prediction, wind power forecasting, Electrical and Electronic Engineering, Energy Engineering and Power Technology},
	author = {Niya Chen and Zheng Qian and Ian T. Nabney and Xiaofeng Meng},
	year = {2014},
	doi = {10.1109/TPWRS.2013.2282366},
	volume = {29},
	number = {2},
	pages = {656--665},
	journal = {IEEE transactions on power systems},
	issn = {0885-8950},
}


@article{Cossins:2007,
	Author = {Andrew R. Cossins and Patricia Murray and Scott A. L. Hayward and Gregor G. Govan and Andrew Y. Gracey},
	Journal = {Proceedings of the National Academy of Sciences},
	Month = {},
	Number = {13},
	Numpages = {},
	Pages = {5489-5494},
	Title = {An explicit test of the phospholipid saturation hypothesis of acquired cold tolerance in Caenorhabditis elegans},
	Volume = {104},
	Url = {},
	Year = {2007}
}

@article{Deisenroth:2014,
	author = {Mark P. Deisenroth and Dieter Fox and Carl Edward Rasmussen},
	year = {2014},
	title = {Gaussian Processes for Data-Efficient Learning in Robotics and Control},
	Journal =	{IEEE Transactions on Pattern Analysis and Machine Intelligence},
	Month = {},
	Number = {2},
	Numpages = {},
	Pages = {408-423},
	Volume = {37},
	Url = {},
	Year = {2014},
}

@phdthesis{Deisenroth:2012,
    title    = {Efficient Reinforcement Learning using Gaussian Processes},
    school   = {Faculty of Informatics, Karlsruhe Institute of Technology},
    author   = {Marc Peter Deisenroth},
    year     = {2012}, %other attributes omitted
}

@article{Dunson:2010,
	Author = {David D. Dunson},
	Journal = {Bayesian Nonparametrics, Cambridge University press},
	Month = {},
	Number = {},
	Numpages = {},
	Pages = {},
	Title = {Nonparametric Bayes Applications to Biostatistics},
	Volume = {},
	Url = {},
	Year = {2010}
}

@article{Eisen:1998,
	Author = {Michael B. Eisen and Paul T. Spellman and Patrick O. Brown and David Botstein},
	Journal = {Proceedings of the National Academy of Sciences of the United States of America},
	Month = {},
	Number = {25},
	Numpages = {},
	Pages = {14863--14868},
	Title = {},
	Volume = {95},
	Url = {},
	Year = {1998}
}


@InProceedings{Ek:2008,
  author =	 {Carl Henrik Ek and Philip H.S. Torr and Neil
                  D. Lawrence},
  title =	 {{G}aussian Process Latent Variable Models For Human
                  Pose Estimation},
  OPTcrossref =	 {},
  OPTkey =	 {},
  booktitle =	 {Machine Learning for Multimodal Interaction (MLMI
                  2007)},
  pages =	 {132--143},
  year =	 2008,
  editor =	 {Andrei {Popescu-Belis} and Steve Renals and Herv\'e
                  Bourlard},
  volume =	 4892,
  OPTnumber =	 {},
  series =	 {LNCS},
  address =	 {Brno, Czech Republic},
  OPTmonth =	 {},
  OPTorganization ={},
  publisher =	 springer,
  OPTannote =	 {},
  OPTpmid =	 {},
  doi =		 {10.1007/978-3-540-78155-4_12},
  OPTlinkps =	 {},
  OPTlinkpsgz =	 {},
  linksoftware = sheffieldgit # {SGPLVM/},
  abstract =	 {We describe a method for recovering 3D human body
                  pose from silhouettes. Our model is based on
                  learning a latent space using the Gaussian Process
                  Latent Variable Model (GP-LVM) [1] encapsulating
                  both pose and silhouette features Our method is
                  generative, this allows us to model the ambiguities
                  of a silhouette representation in a principled
                  way. We learn a dynamical model over the latent
                  space which allows us to disambiguate between
                  ambiguous silhouettes by temporal consistency. The
                  model has only two free parameters and has several
                  advantages over both regression approaches and other
                  generative methods. In addition to the application
                  shown in this paper the suggested model is easily
                  extended to multiple observation spaces without
                  constraints on type.},
  group =	 {gplvm,pose estimation}
}

@article{Ferraiuolo:2011,
	Author = {Laura Ferraiuolo and Janine Kirby and Andrew J. Grierson and Michael Sendtner and Pamela J. Shaw},
	Journal = {Nat Rev Neurol},
	Month = {November},
	Number = {11},
	Numpages = {},
	Pages = {616-630},
	Title = {Molecular pathways of motor neuron injury in amyotrophic lateral sclerosis},
	Volume = {7},
	Url = {},
	Year = {2011}
}


@article{Friedman:2000,
	Author = {Nir Friedman and Michal Linial and Iftach Nachman and Dana Pe'er},
	Journal = {J. Comput. Biol.},
	Month = {},
	Number = {3/4},
	Numpages = {},
	Pages = {601-620},
	Title = {Using Bayesian Networks to Analyze Expression Data},
	Volume = {7},
	Url = {},
	Year = {2000}
}

@article{Gao:2004,
	Author = {Feng Gao and Barrett C Foat and Harmen J Bussemaker},
	Journal = {BMC Bioinformatics},
	Month = {March},
	Number = {31},
	Numpages = {},
	Pages = {},
	Title = {Defining transcriptional networks through 
	integrative modeling of mRNA expression and transcription factor binding data},
	Volume = {5},
	Url = {},
	Year = {2004}
}


@article{Gerstein:2010,
	Author = {Mark B. Gerstein and Zhi John Lu and Eric L. Van Nostrand and Chao Cheng},
	Journal = {Science},
	Month = {},
	Number = {},
	Numpages = {1775-1787},
	Pages = {},
	Title = {Integrative Analysis of the Caenorhabditis elegans Genome by the modENCODE Project.},
	Volume = {330},
	Url = {},
	Year = {2010}
}

@book{Gelman:2004,
	Author = {Andrew Gelman and John B. Carlin and Hal S. Stern and Donald B. Rubin},
	title = {Bayesian Data Analysis},
	url = {},
	publisher = {Chapman and Hall / CRC },
	pages = {},
	volume = {},
	number ={},
	Year = {2004},
}


@article{Honkela:2010,
	Author = {Antti Honkela and Charles Girardotb and Hilary Gustafsonb and Ya-Hsin Liub and Eileen E. M. Furlongb and Neil D. Lawrencec and Magnus Rattrayc},
	Journal = {Proceedings of the National Academy of Sciences},
	Month = {},
	Number = {17},
	Numpages = {},
	Pages = {7793-7798},
	Title = {Model-based method for transcription factor target identification with limited data},
	Volume = {107},
	Url = {},
	Year = {2010}
}

@article{Harbison:2004,
	Author = {Christopher T. Harbison and D. Benjamin Gordon and Tong Ihn Lee and Nicola J. Rinaldi and Kenzie D. Macisaac and Timothy W. Danford and Nancy M. Hannett and Jean-Bosco Tagne and David B. Reynolds and Jane Yoo1 and Ezra G. Jennings and Julia Zeitlinger and Dmitry K. Pokholok and Manolis Kellis and P. Alex Rolfe and Ken T. Takusagawa and Eric S. Lander and David K. Gifford and Ernest Fraenkel and Richard A. Young},
	Journal = {Nature},
	Month = {July},
	Number = {7004},
	Numpages = {},
	Pages = {99-104},
	Title = {Transcriptional regulatory code of a eukaryotic genome},
	Volume = {431},
	Url = {},
	Year = {2004}
}

@article{Haverkamp:1995,
    Author = {Lanny J. Haverkamp and Vicki Appel and Stanley H. Appel},
    Journal = {Brain},
    Month = {},
    Number = {},
    Numpages = {},
    Pages = {707-719},
    Title = {Natural history of amyotrophic lateral sclerosis in a database population Validation of a scoring system and a model for survival prediction},
    Volume = {118},
    Url = {},
    Year = {1995}
}

@article{Hensman:2013,
    Author = {James Hensman and Neil D Lawrence and Magnus Rattray},
    Journal = {BMC Bioinformatics},
    Month = {August},
    Number = {252},
    Numpages = {},
    Pages = {},
    Title = {Hierarchical Bayesian modelling of gene expression time series across irregularly sampled replicates and clusters},
    Volume = {14},
    Url = {},
    Year = {2013}
}

@article{Hensman:2013a,
  	author    = {James Hensman and Nicol{\'{o}} Fusi and Neil D. Lawrence},
  	title     = {Gaussian Processes for Big Data},
  	journal   = {arXiv:1309.6835},
  	volume    = {},
  	year      = {2013},
  	url       = {http://arxiv.org/abs/1309.6835},
}

@Misc{gpy2014,
  	author =   {The GPy Authors},
  	title =    {{GPy}: A Gaussian process framework in python},
  	howpublished = {\url{http://github.com/SheffieldML/GPy}},
  	year = {2012--2014}
}

@article{Huang:2007,
	Author = {Da Wei Huang and Brad T Sherman and Qina Tan and Jack R Collins and W Gregory Alvord and  Jean Roayaei and Robert Stephens and Michael W Baseler and H Clifford Lane and Richard A Lempicki},
	Journal = {Genome Biology},
	Month = {Sept},
	Number = {9},
	Numpages = {},
	Pages = {R183},
	Title = {The DAVID Gene Functional Classification Tool: a novel biological module-centric algorithm to functionally analyze large gene lists},
	Volume = {8},
	Url = {},
	Year = {2007}
}

@article{Huang:2009,
    Author = {Da Wei Huang and Brad T. Sherman and Richard A. Lempicki},
    Journal = {Nucleic Acids Research},
    Month = {January},
    Number = {1},
    Numpages = {},
    Pages = {1-13},
    Title = {Bioinformatics enrichment tools: paths toward the comprehensive functional analysis of large gene lists},
    Volume = {37},
    Url = {},
    Year = {2009}
}

@article{Huang:2009David,
	Author = {Da Wei Huang and Brad T. Sherman and Richard A. Lempicki},
	Journal = {Nature Protoc.},
	Month = {},
	Number = {1},
	Numpages = {},
	Pages = {44-57},
	Title = {Systematic and integrative analysis of large gene lists using DAVID Bioinformatics Resources},
	Volume = {4},
	Url = {},
	Year = {2009}
}

@article{Huang:2009Enrichment,
	Author = {Da Wei Huang and Brad T. Sherman and Richard A. Lempicki},
	Journal = {Nucleic Acids Research},
	Month = {},
	Number = {1},
	Numpages = {},
	Pages = {1-13},
	Title = {Bioinformatics enrichment tools: paths toward the comprehensive functional analysis of large gene lists},
	Volume = {37},
	Url = {},
	Year = {2009}
}

@book{Ingalls:2012,
	Author = {Brian P. Ingalls},
	Publisher = {MIT Press},
	Month = {},
	Number = {},
	Numpages = {},
	Pages = {},
	Title = {Mathematical Modelling in Systems Biology: An Introduction},
	Volume = {},
	Url = {},
	Year = {2012}
}

@Article{Inmaculada:2007,
	Author = {Barrasa M Inmaculada and Vaglio Philippe and Cavasino Fabien and Jacotot Laurent and Walhout Albertha},
	Title = {EDGEdb: a transcription factor-DNA Interaction database for the analysis of C. elegans differential gene expression},
	Journal = {BMC Genomics},
	Volume = {8},
	Year = {2007},
	Number = {1},
	Pages = {21},
	Url = {http://www.biomedcentral.com/1471-2164/8/21},
	Doi = {10.1186/1471-2164-8-21},
	PubMedID = {17233892},
	ISSN = {1471-2164},
}

@article{Kalaitzis:2011,
	Author = {Alfredo A Kalaitzis and Neil D Lawrence},
	Journal = {BMC Bioinformatics},
	Month = {May},
	Number = {180},
	Numpages = {},
	Pages = {},
	Title = {A Simple Approach to Ranking Differentially Expressed Gene Expression Time Courses through Gaussian Process Regression},
	Volume = {12},
	Url = {},
	Year = {2011}
}

@article{karin:1990,
	Author = {Michael Karin},
	Journal = {New Biol.},
	Month = {},
	Number = {2},
	Numpages = {},
	Pages = {126-131},
	Title = {Too many transcription factors: positive and negative interactions},
	Volume = {2},
	Url = {},
	Year = {1990},
}

@book{Kitano:2002,
	author = {Hiroaki Kitano},
	title = {Systems Biology: Toward System-level Understanding of Biological Systems},
	Publisher = {MIT Press},
	year = {2002}
}

@article{Kitano:2000,
	author = {Hiroaki Kitano},
	title = {Perspectives on Systems Biology},
	journal = {New Gen. Comput.},
	issue_date = {July 2000},
	volume = {18},
	number = {3},
	month = {jul},
	year = {2000},
	issn = {0288-3635},
	pages = {199--216},
	numpages = {18},
	url = {http://dx.doi.org/10.1007/BF03037529},
	doi = {10.1007/BF03037529},
	acmid = {349637},
	publisher = {Ohmsha},
	address = {Tokyo, Japan, Japan},
	keywords = {gene network, simulation, system biology},
} 


@article{Kolmogorov:1941,
	Author = {Andrey Nikolaevich Kolmogorov},
	Journal = {Bull. Acad. Sci. (Nauk) U.R.S.S. Ser. Math.},
	Month = {},
	Number = {},
	Numpages = {},
	Pages = {3-14},
	Title = {Interpolation und extrapolation von station\"aren zuf\"alligen folgen},
	Volume = {5},
	Url = {},
	Year = {1941}
}

@article{Latchman:1997,
	Author = {David S Latchman},
	Journal = {Int. J. Biochem. Cell Biol.},
	Month = {},
	Number = {12},
	Numpages = {PMID 9570129},
	Pages = {1305-1312},
	Title = {Transcription factors: an overview},
	Volume = {29},
	Url = {},
	Year = {1997},
}

@article{Lawrence:2005,
	 author = {Neil Lawrence},
	 title = {Probabilistic Non-linear Principal Component Analysis with Gaussian Process Latent Variable Models},
	 journal = {Journal of Machine Learning Research},
	 issue_date = {12/1/2005},
	 volume = {6},
	 month = dec,
	 year = {2005},
	 issn = {1532-4435},
	 pages = {1783--1816},
	 numpages = {34},
	 url = {http://dl.acm.org/citation.cfm?id=1046920.1194904},
	 publisher = {JMLR.org},
} 
	
@article{Lee:2000,
	Author = {Tom Ihn Lee and Richard A Young},
	Journal = {Annu. Rev. Genet.},
	Month = {},
	Number = {},
	Numpages = {},
	Pages = {77-137},
	Title = {Transcription of eukaryotic protein-coding genes},
	Volume = {34},
	Url = {},
	Year = {2000},
	notes = {PMID 11092823},
}

@article{Lee:2002,
	Author = {Tong Ihn Lee and Nicola J. Rinaldi and Fran√ßois Robert and 
		  Duncan T. Odom and Ziv Bar-Joseph and Georg K. Gerber and Nancy M. Hannett and 
		  Christopher T. Harbison and Craig M. Thompson and Itamar Simon and 
		  Julia Zeitlinger and Ezra G. Jennings and Heather L. Murray and 
		  D. Benjamin Gordon and Bing Ren and John J. Wyrick and Jean-Bosco Tagne and 
		  Thomas L. Volkert and Ernest Fraenkel and David K. Gifford and Richard A. Young},
	Journal = {Science},
	Month = {},
	Number = {5594},
	Numpages = {},
	Pages = {799-804},
	Title = {Transcriptional Regulatory Networks in Saccharomyces cerevisiae},
	Volume = {298},
	Url = {},
	Year = {2002}
}

@article{Lee:2007,
	Author = {Insuk Lee and Ben Lehner and Catriona Crombie and Wendy Wang and Andrew G. Fraser and Edward M. Marcotte},
	Title = {A single network comprising the majority of genes accurately predicts the phenotypic effects of gene perturbation in C. elegans},
	Journal = {Nature Genetics},
	Volume = {40},
	Pages = {181-188},
	url = {http://www.functionalnet.org/wormnet/about.html},
	Year = {2007},
}

@article{Liao:2003,
	Author = {James C. Liao and Riccardo Boscolo and Young-Lyeol Yang and 
		  Linh My Tran and Chiara Sabatti and Vwani P. Roychowdhury},
	Journal = {PNAS},
	Month = {December},
	Number = {26},
	Numpages = {},
	Pages = {},
	Title = {Network component analysis: Reconstruction of regulatory signals in biological systems},
	Volume = {100},
	Url = {},
	Year = {2003}
}

@article{Liu:2010,
	Author = {Qiang Liu and Kevin K. Lin and Bogi Andersen and Padhraic Smyth and  Alexander Ihler},
	Journal = {Bioinformatics},
	Month = {March},
	Number = {6},
	Numpages = {},
	Pages = {770-776},
	Title = {Estimating Replicate Time Shifts Using Gaussian Process Regression},
	Volume = {26},
	Url = {},
	Year = {2010}
}

@book{MacKay:2003,
    Author = {David J. C. MacKay},
    Publisher = {Cambridge University Press},
    Month = {},
    Number = {},
    Numpages = {},
    Pages = {},
    Title = {Information Theory, Inference, and Learning Algorithms},
    Volume = {},
    Url = {},
    Year = {2003}
}

@article{Maina:2014,
    Author = {Ciira W. Maina and Antti Honkela and Filomena Matarese and Korbinian Grote and Hendrik G. Stunnenberg and George Reid and Neil D. Lawrence and Magnus Rattray},
    Journal = {PLoS Comput Biol},
    Month = {May},
    Number = {5},
    Numpages = {},
    Pages = {},
    Title = {Inference of RNA Polymerase II Transcription Dynamics from Chromatin Immunoprecipitation Time Course Data},
    Volume = {10},
    Url = {},
    Year = {2014}
}


@article{Marino:2015,
    Author = {Marianna Marino and Simonetta Papa and Valeria Crippa and Giovanni Nardo and Marco Peviani and Cristina Cheroni and and Maria Chiara Trolese and Eliana Lauranzano and Valentina Bonetto and Angelo Poletti and Silvia DeBiasi and Laura Ferraiuolo and Pamela J. Shaw and Caterina Bendotti},
    Journal = {Neurobiology of Aging},
    Month = {January},
    Number = {},
    Numpages = {},
    Pages = {492-504},
    Title = {Differences in protein quality control correlate with phenotype variability in 2 mouse models of familial amyotrophic lateral sclerosis},
    Volume = {36},
    Url = {},
    Year = {2015}
}


@article{Matheron:1973,
    Author = {Georges Matheron},
    Journal = {Advances in Applied Probability},
    Month = {},
    Number = {},
    Numpages = {},
    Pages = {439-468},
    Title = {The Intrinsic Random Functions and Their Applications},
    Volume = {5},
    Url = {},
    Year = {1973}
}


@article{Medvedovic:2004,
	Author = {M. Medvedovic and K.Y. Yeung and R.E. Bumgarner},
	Journal = {Bioinformatics},
	Month = {May},
	Number = {8},
	Numpages = {},
	Pages = {},
	Title = {Bayesian mixture model based clustering of replicated microarray data},
	Volume = {20},
	Url = {},
	Year = {2004}
}

@article{Menzefricke:2000,
	Author = {Ulrich Menzefricke},
	Journal = {Communications in Statistics - Simulation and Computation},
	Month = {},
	Number = {4},
	Numpages = {},
	Pages = {1089-1108},
	Title = {Hierarchical modeling with gaussian processes},
	Volume = {29},
	Url = {},
	Year = {2000},
	doi = {10.1080/03610910008813655}
}

@article{Mitchell:1989,
	Author = {Pamela J. Mitchell and Robert Tjian},
	Journal = {Science},
	Month = {7},
	Number = {4916},
	Numpages = {},
	Pages = {371-378},
	Title = {Transcriptional regulation in mammalian cells by sequence-specific DNA binding proteins},
	Volume = {245},
	Url = {},
	Year = {1989}
}

@article{Nachman:2004,
	Author = {Iftach Nachman and A. Regev and Nir Friedman},
	Journal = {Bioinformatics},
	Month = {March},
	Number = {1},
	Numpages = {i284-i256},
	Pages = {},
	Title = {Inferring quantitative models of regulatory networks from expression data},
	Volume = {20},
	Url = {},
	Year = {2004}
}


@article{Nickisch:2008,
    author = {Hannes Nickisch and Carl Edward Rasmussen},
    title = {Approximations for Binary Gaussian Process Classification},
	Journal = {Journal of Machine Learning Research},
	Month = {October},
	Number = {1},
	Numpages = {2035--2078},
	Pages = {},
	Volume = {9},
	Url = {},
	Year = {2008}
}

@article{Nardo:2013,
	Author = {Giovanni Nardo and Raffaele Iennaco and Nicolo Fusi and Paul R. Heath and Marianna Marino and Maria C. Trolese and Laura Ferraiuolo and Neil Lawrence and Pamela J. Shaw and Caterina Bendotti},
	Journal = {Brain A journal of Neurology},
	Month = {September},
	Number = {11},
	Numpages = {},
	Pages = {},
	Title = {Transcriptomic indices of fast and slow disease progression in two mouse models of amyotrophic lateral sclerosis},
	Volume = {136},
	Url = {},
	Year = {2013}}
	
	
@book{Neal:1996,
    Author = {Radford M. Neal},
    Publisher = {Lecture Notes in Statistics No. 118, New York: Springer-Verlag},
    Month = {},
    Number = {},
    Numpages = {},
    Pages = {},
    Title = {Bayesian Learning for Neural Networks},
    Volume = {},
    Url = {},
    Year = {1996}
}


@article{Ng:2006,
	Author = {S. K. Ng and G. J. McLachlan and K. Wang and L. Ben-Tovim Jones and S W. Ng},
	Journal = {Bioinformatics},
	Month = {April},
	Number = {14},
	Numpages = {},
	Pages = {1745-1752},
	Title = {A Mixture model with random-effects components for clustering correlated gene-expression profiles},
	Volume = {22},
	Url = {},
	Year = {2006}
}

@article{Nikolov:1997,
	Author = {Dimitar B. Nikolov and Stephen K Burley},
	Journal = {Proc. Natl. Acad. Sci. U.S.A.},
	Month = {},
	Number = {1},
	Numpages = {},
	Pages = {15-22},
	Title = {RNA polymerase II transcription initiation: A structural view},
	Volume = {94},
	Url = {},
	Year = {1997}
}

@article{O'Hagan:1978,
    Author = {Anthony O'Hagan},
    Journal = {Journal of the Royal Statistical Society B},
    Month = {},
    Number = {1},
    Numpages = {},
    Pages = {1-42},
    Title = {Curve fitting and optimal design for prediction},
    Volume = {40},
    Url = {},
    Year = {1978}
}


@article{Ong:2002,
	Author = {Irene M Ong and Jeremy D Glasner and David Page},
	Journal = {Oxford Univ Press},
	Month = {},
	Number = {1},
	Numpages = {},
	Pages = {S241-S248},
	Title = {Modelling regulatory pathways in E. coli from time series expression profiles},
	Volume = {18},
	Url = {},
	Year = {2002}
}

@article{Ornstein_Uhlenbeck:1930,
	Author = {George E. Uhlenbeck and Leonard S. Ornstein},
	Journal = {Phys. Rev.},
	Month = {},
	Number = {},
	Numpages = {},
	Pages = {823-841},
	Title = {On the Theory of the Brownian Motion},
	Volume = {36},
	Url = {},
	Year = {1930}
}


@article{Palikaras:2013,
	Author = {Konstantinos Palikaras and Nektarios Tavernarakis},
	Journal = {},
	Month = {},
	Number = {1},
	Numpages = {},
	Pages = {404-408},
	Title = {Caenorhabditis elegans (Nematode)},
	Volume = {},
	Url = {},
	Year = {2013}
}


@book{Papoulis:1991,
    author = {Papoulis, Athanasios},
    edition = {3rd},
    howpublished = {Hardcover},
    isbn = {0070484775},
    keywords = {math, probability, processes, randomness, statistics},
    month = feb,
    publisher = {McGraw-Hill Companies},
    title = {{Probability, Random Variables and Stochastic Processes}},
    year = {1991}
}

@phdthesis{Pe'er:2003,
    title    = {From gene expression to molecular pathways},
    school   = {The Hebrew University},
    author   = {Dana Pe'er},
    year     = {2003}, %other attributes omitted
}


@article{Peviani:2010,
	Author = {Marco Peviani and I Caron and C Pizzasegola and F Gensano and M Tortarolo and C Bendotti},
	Journal = {CNS Neurol Disord Drug Targets},
	Month = {August},
	Number = {4},
	Numpages = {},
	Pages = {491-503},
	Title = {Unraveling the complexity of amyotrophic lateral sclerosis: recent advances from the transgenic mutant SOD1 mice},
	Volume = {9},
	Url = {},
	Year = {2010}}

Chiara Pizzasegola and Ilaria Caron and Cristina Daleno and Anna Ronchi and Claudio Minoia and Maria Teresa Carr{\i} and Caterina Bendotti

@article{Pizzasegola:2009,
	Author = {Chiara Pizzasegola and Ilaria Caron and Cristina Daleno and Anna Ronchi and Claudio Minoia and Maria Teresa Carr{\i} and Caterina Bendotti},
	Journal = {Amyotrophic Lateral Sclerosis},
	Month = {},
	Number = {4},
	Numpages = {},
	Pages = {221-228},
	Title = {Treatment with lithium carbonate does not improve disease progression in two different strains of SOD1 mutant mice},
	Volume = {10},
	Url = {},
	Year = {2009}}

	
	
@article{Ptashne:1997,
	Author = {Mark Ptashne and Alexander Gann},
	Journal = {Nature},
	Month = {},
	Number = {},
	Numpages = {},
	Pages = {569-577},
	Title = {Transcriptional activation by recruitment},
	Volume = {386},
	Url = {},
	Year = {1997}
}

@article{puma,
	Author = {Richard D Pearson and Xuejun Liu and Guido Sanguinetti and Marta Milo and 
		  Neil D Lawrence and Magnus Rattray},
	title = {puma: a Bioconductor package for Propagating Uncertainty in Microarray Analysis},
	url = {},
	journal = {BMC Bioinformatics},
	pages = {},
	volume = {10},
	number ={211},
	Year = {2009},
}

@article{Rajpaul:2015,
	author    = {Vinesh Rajpaul and Suzanne Aigrain and Michael A. Osborne and Steven Reece and Stephen J. Roberts},
	title     = {A Gaussian process framework for modelling stellar activity signals in radial velocity data},
	journal   = {arXiv:1506.07304},
	volume    = {},
	year      = {2015},
	url       = {http://arxiv.org/abs/1506.07304},
}

@book{Rasmussen_and_Williams:2006,
	Author = {Carl Edward Rasmussen and Christopher K.I. Williams},
	Journal = {MIT Press},
	Month = {},
	Number = {},
	Numpages = {},
	Pages = {},
	Title = {Gaussian Processes for Machine Learning},
	Volume = {},
	Url = {},
	Year = {2006}
}


@article{Roeder:1996,
	Author = {Robert G Roeder},
	Journal = {Trends Biochem. Sci.},
	Month = {},
	Number = {9},
	Numpages = {},
	Pages = {327-335},
	Title = {The role of general initiation factors in transcription by RNA polymerase II. },
	Volume = {21},
	Url = {},
	Year = {1996}
}



@book{Rogers:2011,
	author = {Simon Rogers and Mark Girolami},
	title = {A First Course in Machine Learning},
	year = {2011},
	isbn = {1439824142, 9781439824146},
	edition = {1st},
	publisher = {Chapman \& Hall/CRC},
} 


@inproceedings{Roweis:1998,
    author = {Sam Roweis},
    title = {EM Algorithms for PCA and SPCA},
    booktitle = {in Advances in Neural Information Processing Systems},
    year = {1998},
    pages = {626--632},
    publisher = {MIT Press}
}

@article{Rowley:2007,
	author = {Rowley, Jennifer},
	title = {The Wisdom Hierarchy: Representations of the DIKW Hierarchy},
	journal = {J. Inf. Sci.},
	issue_date = {April     2007},
	volume = {33},
	number = {2},
	month = apr,
	year = {2007},
	issn = {0165-5515},
	pages = {163--180},
	numpages = {18},
	url = {http://dx.doi.org/10.1177/0165551506070706},
	doi = {10.1177/0165551506070706},
	acmid = {1274706},
	publisher = {Sage Publications, Inc.},
	address = {Thousand Oaks, CA, USA},
	keywords = {DIKW hierarchy, knowledge management, wisdom, wisdom hierarchy, wisdom management},
} 



@article{Saccon:2013,
	Author = {Rachele A. Saccon and Rosie K. A. Bunton-Stasyshyn and  Elizabeth M.C. Fisher 
	and Pietro Fratta},
	Journal = {Brain A journal of Neurology},
	Month = {August},
	Number = {pt 8},
	Numpages = {},
	Pages = {2342-58},
	Title = {Is SOD1 loss of function involved in amyotrophic lateral sclerosis?},
	Volume = {136},
	Url = {},
	Year = {2013}}
	
	
@article{Sanguinetti:2006,
  	author = {Guido Sanguinetti and Magnus Rattray and Neil D. Lawrence1},
  	title = {A probabilistic dynamical model for quantitative inference of the regulatory mechanism of transcription},
    	journal = {Bioinformatics, Oxford University Press},
    	year = {2006},
    	volume = {22},
    	number = {14},
    	pages = {1753-1759},
}

@article{Shaye:2011,
	Author = {Daniel D. Shaye and Iva Greenwald},
	Journal = { PLoS ONE},
	Month = {},
	Number = {1},
	Numpages = {},
	Pages = {},
	Title = {OrthoList: A Compendium of C. elegans Genes with Human Orthologs.},
	Volume = {9},
	Url = {},
	Year = {2011}
}


@article{Silva:2006,
    author = {Ricardo Silva and Clark Glymour and Peter Spirtes},
    title = {Learning the structure of linear latent variable models},
    journal = {Journal of Machine Learning Research},
    year = {2005},
    volume = {7},
    pages = {2006}
}

@incollection{Stegle:2011,
	title = {Efficient inference in matrix-variate Gaussian models with \textbackslash iid observation noise},
	author = {Oliver Stegle and Christoph Lippert and Joris M. Mooij and Neil D. Lawrence and Karsten M. Borgwardt},
	booktitle = {Advances in Neural Information Processing Systems 24},
	editor = {J. Shawe-Taylor and R.S. Zemel and P.L. Bartlett and F. Pereira and K.Q. Weinberger},
	pages = {630--638},
	year = {2011},
	publisher = {Curran Associates, Inc.},
	url = {http://papers.nips.cc/paper/4281-efficient-inference-in-matrix-variate-gaussian-models-with-iid-observation-noise.pdf}
}

@article{Spellman:1998,
	Author = {Paul T. Spellman and Gavin Sherlock and Michael Q. Zhang and Vishwanath R. Iyer and Kirk Anders and Michael B. Eisen and Patrick O. Brown and David Botstein and Bruce Futcher},
	Journal = {Molecular Biology of the Cell},
	Month = {December},
	Number = {12},
	Numpages = {},
	Pages = {3273-3297},
	Title = {Comprehensive identification of cell cycle regulated genes of the yeast saccharomyces cerevisiae by microarray hybridization},
	Volume = {9},
	Url = {},
	Year = {1998}
}

@article{Sulston:1977,
  	author = {John E. Sulston and H.R. Horvitz},
  	title = {Post-embryonic cell lineage of the nematode, Caenorhabditis elegans},
    	journal = {Developmental Biology},
    	year = {1977},
    	volume = {56},
    	number = {1},
    	pages = {110-156},
}

@article{Sulston:1980,
  	author = {John E. Sulston and E. Schierenberg and j. G. White and J. N. Thomson},
  	title = {The embryonic cell lineage of the nematode Caenorhabditis elegans},
    	journal = {Developmental Biology},
    	year = {1980},
    	volume = {100},
    	number = {1},
    	pages = {64-119},
}


@article{Tipping:1999,
	title = "Probabilistic principal component analysis",
	keywords = "density estimation, EM algorithm, Gaussian mixtures, maximum likelihood, principal component analysis, probability model",
	author = "Michael E. Tipping and Christopher M. Bishop",
	note = "Published on behalf of the Royal Statistical Society.",
	year = "1999",
	doi = "10.1111/1467-9868.00196",
	volume = "61",
	number = "3",
	pages = "611--622",
	journal = "Journal of the Royal Statistical Society: series B",
	issn = "1369-7412",
}

@article{Tomancak:2002,
	Author = {Pavel Tomancak and Amy Beaton and Richard Weiszmann and Elaine Kwan abd ShengQiang Shu and Suzanna E Lewis and Stephen Richards and Michael Ashburner and Volker Hartenstein and Susan E Celniker and Gerald M Rubin},
	Journal = {Genome Biology},
	Month = {December},
	Number = {12},
	Numpages = {},
	Pages = {research 0088.1 - 0088.14},
	Title = {Systematic determination of patterns of gene expression during Drosophila embryogenesis},
	Volume = {3},
	Url = {},
	Year = {2002}
}



@article{Topa:2015,
	Author = {Hande Topa and {\'A}gnes J{\'o}n{\'a}s and Robert Kofler and Carolin Kosiol and Antti Honkela},
	Journal = {Bioinformatics},
	Month = {Jan},
	Number = {},
	Numpages = {},
	Pages = {},
	Title = {Gaussian process test for high-throughput sequencing time series: application to experimental evolution},
	Volume = {},
	Url = {},
	Year = {2015}
}

@article{Tu:2005,
	Author = {Benjamin P. Tu and Andrzej Kudlicki and Maga Rowicka and Steven L. McKnight},
	Journal = {Science},
	Month = {November},
	Number = {5751},
	Numpages = {},
	Pages = {1152-1158},
	Title = {Logic of the Yeast Metabolic Cycle: Temporal Compartmentalization of Cellular Processes},
	Volume = {310},
	Url = {},
	Year = {2005}
}

@article{Turner:2008,
	Author = {Bradley J Turner and Kevin Talbot},
	Journal = {Prog Neurobiol},
	Month = {May},
	Number = {1},
	Numpages = {},
	Pages = {94-134},
	Title = {Transgenics, toxicity and therapeutics in rodent models of mutant SOD1-mediated familial ALS.},
	Volume = {85},
	Url = {},
	Year = {2008}
}

@article{Watson:1953,
	Author = {James D. Watson and Francis H. Crick},
	Journal = {Nature},
	Month = {April},
	Number = {171},
	Numpages = {},
	Pages = {737‚Äì738},
	Title = {Molecular Structure of Nucleic Acids: A Structure for Deoxyribose Nucleic Acid},
	Volume = {},
	Url = {},
	Year = {1953}
}

@book{Wackernagel:2003,
    Author = {Hans Wackernagel},
    Publisher = {Springer Science and Business Media},
    Month = {},
    Number = {},
    Numpages = {},
    Pages = {},
    Title = {Multivariate Geostatistics An Introduction with Applications},
    Volume = {},
    Url = {http://books.google.co.uk/books/about/Multivariate_Geostatistics.html?id=Rhr7bgLWxx4C},
    Year = {2003}
}
	
@book{Wiener:1949,
    Author = {Norbert Wiener},
    Journal = {MIT Press},
    Month = {},
    Number = {},
    Numpages = {},
    Pages = {},
    Title = {Extrapolation, Interpolation and Smoothing of Stationary Time Series.},
    Volume = {},
    Url = {},
    Year = {1949}
}

@article{Wienert:2012,
    Author = {Stephan Wienert and Daniel Heim and Kai Saeger and Albrecht Stenzinger and 	Michael Beil and Peter Hufnagl and Manfred Dietel and Carsten Denkert and Frederick Klauschen},
    Journal = {Scientific Reports},
    Month = {July},
    Number = {503},
    Numpages = {},
    Pages = {},
    Title = {Detection and Segmentation of Cell Nuclei in Virtual Microscopy Images: A Minimum-Model Approach},
    Volume = {},
    Url = {},
    Year = {2012}
}

@article{Williams_and_Rasmussen:1996,
    Author = {Christopher K. I. Williams and Carl Edward Rasmussen},
    Journal = {Advances in Neural Information Processing Systems 8, MIT Press},
    Month = {},
    Number = {},
    Numpages = {},
    Pages = {1-7},
    Title = {Gaussian processes for regression},
    Volume = {},
    Url = {},
    Year = {1996}
}

@article{Wood:1988,
	author = {William B. Wood},
  	title = {The nematode C. elegans},
  	journal = {Cold Spring Harbor Laboratory Press, New York},
  	year = {1988},
  	pages = {1-16},
}
  
@article{WormNet,
	Author = {WormNet},
	title = {WormNet},
	publisher = {http://www.functionalnet.org/wormnet/about.html},
	Year = {2015},
	note={\url{http://www.functionalnet.org/wormnet/about.html} [Online; accessed 01-Sept-2015]},
}

@article{Xie:2005,
	Author = {Xiaohui Xie and Jun Lu and E. J. Kulbokas and Todd R. Golub and Vamsi Mootha 
		  and Kerstin Lindblad-Toh and Eric S. Lander and Manolis Kellis},
	Journal = {Nature},
	Month = {February},
	Number = {434},
	Numpages = {},
	Pages = {338-345},
	Title = {Systematic discovery of regulatory motifs in human promoters and 
		  3' UTRs by comparison of several mammals},
	Volume = {},
	Url = {},
	Year = {2005}
}

@article{Williams:1998,
    author = {Christopher K. I. Williams and David Barber},
    title = {Bayesian Classification with Gaussian Processes},
    journal = {IEEE Transactions on Pattern Analysis and Machine Intelligence},
    year = {1998},
    volume = {20},
    pages = {1342--1351}
}

@book{Wackernagel:2003,
    Author = {Hans Wackernagel},
    Publisher = {Springer-Verlag Heidelberg New York},
    Month = {},
    Number = {},
    Numpages = {},
    Pages = {},
    Title = {Multivariate Geostatistics An Introduction with Applications},
    Volume = {},
    Url = {},
    Year = {2003}
}
